@online{LOEWE-Natur4.0,
	Title = {Natur 4.0 - kurz und bündig - Über uns - Natur 4.0 | Sensing Biodiversity - Philipps-Universität Marburg},
	Url = {https://www.uni-marburg.de/de/fb19/natur40/ueber-uns/natur4},
	Urldate = {2021-08-05}
}

@misc{russakovsky2015imagenet,
	title={ImageNet Large Scale Visual Recognition Challenge}, 
	author={Olga Russakovsky and Jia Deng and Hao Su and Jonathan Krause and Sanjeev Satheesh and Sean Ma and Zhiheng Huang and Andrej Karpathy and Aditya Khosla and Michael Bernstein and Alexander C. Berg and Li Fei-Fei},
	year={2015},
	eprint={1409.0575},
	archivePrefix={arXiv},
	primaryClass={cs.CV}
}

@online{PapersWithCode-ImageNet,
	Title = {ImageNet Benchmark (Image Classification) | Papers With Code},
	Url = {https://paperswithcode.com/sota/image-classification-on-imagenet},
	Urldate = {2021-08-07}
}

@misc{dosovitskiy2021image,
	title={An Image is Worth 16x16 Words: Transformers for Image Recognition at Scale}, 
	author={Alexey Dosovitskiy and Lucas Beyer and Alexander Kolesnikov and Dirk Weissenborn and Xiaohua Zhai and Thomas Unterthiner and Mostafa Dehghani and Matthias Minderer and Georg Heigold and Sylvain Gelly and Jakob Uszkoreit and Neil Houlsby},
	year={2021},
	eprint={2010.11929},
	archivePrefix={arXiv},
	primaryClass={cs.CV}
}

@misc{tan2020efficientnet,
	title={EfficientNet: Rethinking Model Scaling for Convolutional Neural Networks}, 
	author={Mingxing Tan and Quoc V. Le},
	year={2020},
	eprint={1905.11946},
	archivePrefix={arXiv},
	primaryClass={cs.LG}
}

@misc{he2015deep,
	title={Deep Residual Learning for Image Recognition}, 
	author={Kaiming He and Xiangyu Zhang and Shaoqing Ren and Jian Sun},
	year={2015},
	eprint={1512.03385},
	archivePrefix={arXiv},
	primaryClass={cs.CV}
}

@online{StanfordDAWNBench,
	Title = {Stanford DAWN Deep Learning Benchmark (DAWNBench) · ImageNet Training},
	Url = {https://dawn.cs.stanford.edu/benchmark/ImageNet/train.html},
	Urldate = {2021-08-08}
}

@online{BBVADeepLearning,
	author = {Ricardo Guerrero},
	Title = {Training Deep Learning Models On multi-GPus - BBVA Next Technologies},
	Url = {https://www.bbvanexttechnologies.com/blogs/training-deep-learning-models-on-multi-gpus/},
	Urldate = {2021-08-08}
}

@article{Schroff_2015,
	title={FaceNet: A unified embedding for face recognition and clustering},
	ISBN={9781467369640},
	url={http://dx.doi.org/10.1109/CVPR.2015.7298682},
	DOI={10.1109/cvpr.2015.7298682},
	journal={2015 IEEE Conference on Computer Vision and Pattern Recognition (CVPR)},
	publisher={IEEE},
	author={Schroff, Florian and Kalenichenko, Dmitry and Philbin, James},
	year={2015},
	month={Jun}
}

@misc{codreanu2017scale,
	title={Scale out for large minibatch SGD: Residual network training on ImageNet-1K with improved accuracy and reduced time to train}, 
	author={Valeriu Codreanu and Damian Podareanu and Vikram Saletore},
	year={2017},
	eprint={1711.04291},
	archivePrefix={arXiv},
	primaryClass={stat.ML}
}

@online{ImageNet1000Classes,
	Title = {1000 Classification Categories - ImageNet Large Scale Visual Recognition Competition 2014 (ILSVRC2014)},
	Url = {https://image-net.org/challenges/LSVRC/2014/browse-synsets.php},
	Urldate = {2021-08-09}
}

@inbook{backpropapaper,
	author = {Rumelhart, D. E. and Hinton, G. E. and Williams, R. J.},
	title = {Learning Internal Representations by Error Propagation},
	year = {1986},
	isbn = {026268053X},
	publisher = {MIT Press},
	address = {Cambridge, MA, USA},
	booktitle = {Parallel Distributed Processing: Explorations in the Microstructure of Cognition, Vol. 1: Foundations},
	pages = {318–362},
	numpages = {45}
}

@misc{boué2018deep,
	title={Deep learning for pedestrians: backpropagation in CNNs}, 
	author={Laurent Boué},
	year={2018},
	eprint={1811.11987},
	archivePrefix={arXiv},
	primaryClass={cs.LG}
}

@inbook{Goodfellow-et-al-2016,
	booktitle={Deep Learning},
	title={Back-Propagation and Other Diﬀerentiation Algorithms},
	author={Ian Goodfellow and Yoshua Bengio and Aaron Courville},
	pages = {200–217},
	isbn = {0262035618},
	publisher={MIT Press},
	note={\url{http://www.deeplearningbook.org}},
	year={2016}
}

@online{DownloadImageNet,
	Title = {Download ImageNet Data - ImageNet},
	Url = {https://image-net.org/download.php},
	Urldate = {2021-08-11}
}

@article {PMID:14403678,
	Title = {Single unit activity in striate cortex of unrestrained cats},
	Author = {Hubel, David H.},
	DOI = {10.1113/jphysiol.1959.sp006238},
	Volume = {147},
	Month = {September},
	Year = {1959},
	Journal = {The Journal of physiology},
	ISSN = {0022-3751},
	Pages = {226—238},
	URL = {https://www.ncbi.nlm.nih.gov/pmc/articles/pmid/14403678/?tool=EBI},
}

@article {PMID:14403679,
	Title = {Receptive fields of single neurones in the cat's striate cortex},
	Author = {Hubel, David H. and Wiesel, Torsten N.},
	DOI = {10.1113/jphysiol.1959.sp006308},
	Volume = {148},
	Month = {October},
	Year = {1959},
	Journal = {The Journal of physiology},
	ISSN = {0022-3751},
	Pages = {574—591},
	URL = {https://www.ncbi.nlm.nih.gov/pmc/articles/pmid/14403679/?tool=EBI},
}

@article {PMID:14449617,
	Title = {Receptive fields, binocular interaction and functional architecture in the cat's visual cortex},
	Author = {Hubel, David H. and Wiesel, Torsten N.},
	DOI = {10.1113/jphysiol.1962.sp006837},
	Volume = {160},
	Month = {January},
	Year = {1962},
	Journal = {The Journal of physiology},
	Pages = {106—154},
	URL = {https://www.ncbi.nlm.nih.gov/pmc/articles/PMC1359523/?tool=EBI},
}

@Inbook{Bergua2017,
	author="Bergua, Antonio",
	title="Visueller Kortex",
	bookTitle="Das menschliche Auge in Zahlen",
	year="2017",
	publisher="Springer Berlin Heidelberg",
	address="Berlin, Heidelberg",
	pages="147--150",
	abstract="Der visuelle Kortex ist die Region des Gehirns, die f{\"u}r die Verarbeitung und Integration der visuellen Information verantwortlich ist. Er ist im Okzipitallappen lokalisiert, flankierend am Sulcus calcarinus. Der visuelle Kortex besteht aus dem prim{\"a}ren visuellen Kortex oder Brodmann-Areal 17 (V1), dem sekund{\"a}ren visuellen Kortex oder Brodmann-Areal 18 (V2) sowie anderen Arealen. Die afferenten Nervenimpulse aus den 1,5 Millionen Axonen der Retina, die {\"u}ber den Nervus opticus, Tractus opticus, das Corpus geniculatum laterale und die Radiatio optica verlaufen, erreichen am Ende dieser Bahn den visuellen Kortex, wo sie von ca. 200 Millionen Kortex-Neuronen verarbeitet werden. Der visuelle Kortex besitzt eine retinotopische Organisation, das hei{\ss}t jeder Punkt auf der Retina hat eine ganz exakte kortikale Repr{\"a}sentation. Die Fovea ist im visuellen Kortex {\"u}berdurchschnittlich repr{\"a}sentiert, um die hohe Aufl{\"o}sung des Sehens erm{\"o}glichen zu k{\"o}nnen.",
	isbn="978-3-662-47284-2",
	doi="10.1007/978-3-662-47284-2_27",
	url="https://doi.org/10.1007/978-3-662-47284-2_27"
}

@online{LocalReceptiveField,
	Title = {The Architecture of the Visual Cortex - Deep Computer Vision Using Convolutional Neural Networks - Programmer Sought},
	Url = {https://www.programmersought.com/article/65985444807/},
	Urldate = {2021-08-12}
}

@online{AufbauDNN,
	Title = {Types of Deep Learning Layers - What is Deep Learning? - Databricks},
	Url = {https://databricks.com/de/glossary/deep-learning},
	Urldate = {2021-08-12}
}

@article{Neocognitron1980,
	author="Kunihiko Fukushima",
	title="Neocognitron : A self-organizing neural network model for a mechanism of pattern recognition unaffected by shift in position",
	journal="Biological Cybernetics",
	year="1980",
	volume="36",
	pages="193-202",
	URL="https://link.springer.com/article/10.1007%2FBF00344251",
	DOI="10.1007/BF00344251",
}

@article{Neocognitron1988,
	title = {Neocognitron: A hierarchical neural network capable of visual pattern recognition},
	journal = {Neural Networks},
	volume = {1},
	number = {2},
	pages = {119-130},
	year = {1988},
	issn = {0893-6080},
	doi = {https://doi.org/10.1016/0893-6080(88)90014-7},
	url = {https://www.sciencedirect.com/science/article/pii/0893608088900147},
	author = {Kunihiko Fukushima},
	abstract = {A neural network model for visual pattern recognition, called the “neocognitron,” was previously proposed by the author. In this paper, we discuss the mechanism of the model in detail. In order to demonstrate the ability of the neocognitron, we also discuss a pattern-recognition system which works with the mechanism of the neocognitron. The system has been implemented on a minicomputer and has been trained to recognize handwritten numerals. The neocognitron is a hierarchical network consisting of many layers of cells, and has variable connections between the cells in adjoining layers. It can acquire the ability to recognize patterns by learning, and can be trained to recognize any set of patterns. After finishing the process of learning, pattern recognition is performed on the basis of similarity in shape between patterns, and is not affected by deformation, nor by changes in size, nor by shifts in the position of the input patterns. In the hierarchical network of the neocognitron, local features of the input pattern are extracted by the cells of a lower stage, and they are gradually integrated into more global features. Finally, each cell of the highest stage integrates all the information of the input pattern, and responds only to one specific pattern. Thus, the response of the cells of the highest stage shows the final result of the pattern-recognition of the network. During this process of extracting and integrating features, errors in the relative position of local features are gradually tolerated. The operation of tolerating positional error a little at a time at each stage, rather than all in one step, plays an important role in endowing the network with an ability to recognize even distorted patterns.}
}

@online{neocognitron:scholarpediafig2,
	Title = {Principles of Deformation-Resistant Recognition - Neocognitron - Scholarpedia},
	Url = {http://www.scholarpedia.org/article/Neocognitron},
	Urldate = {2021-08-13}
}

@article{yannlecun1998,
	author={Lecun, Y. and Bottou, L. and Bengio, Y. and Haffner, P.},
	journal={Proceedings of the IEEE}, 
	title={Gradient-based learning applied to document recognition}, 
	year={1998},
	volume={86},
	number={11},
	pages={2278-2324},
	doi={10.1109/5.726791}
}

@ARTICLE{yannlecun1989,
	author={LeCun, Y. and Boser, B. and Denker, J. S. and Henderson, D. and Howard, R. E. and Hubbard, W. and Jackel, L. D.},
	journal={Neural Computation}, 
	title={Backpropagation Applied to Handwritten Zip Code Recognition}, 
	year={1989},
	volume={1},
	number={4},
	pages={541-551},
	doi={10.1162/neco.1989.1.4.541}
}

@article{10.1145/3065386,
	author = {Krizhevsky, Alex and Sutskever, Ilya and Hinton, Geoffrey E.},
	title = {ImageNet Classification with Deep Convolutional Neural Networks},
	year = {2017},
	issue_date = {June 2017},
	publisher = {Association for Computing Machinery},
	address = {New York, NY, USA},
	volume = {60},
	number = {6},
	issn = {0001-0782},
	url = {https://doi.org/10.1145/3065386},
	doi = {10.1145/3065386},
	abstract = {We trained a large, deep convolutional neural network to classify the 1.2 million
	high-resolution images in the ImageNet LSVRC-2010 contest into the 1000 different
	classes. On the test data, we achieved top-1 and top-5 error rates of 37.5% and 17.0%,
	respectively, which is considerably better than the previous state-of-the-art. The
	neural network, which has 60 million parameters and 650,000 neurons, consists of five
	convolutional layers, some of which are followed by max-pooling layers, and three
	fully connected layers with a final 1000-way softmax. To make training faster, we
	used non-saturating neurons and a very efficient GPU implementation of the convolution
	operation. To reduce overfitting in the fully connected layers we employed a recently
	developed regularization method called "dropout" that proved to be very effective.
	We also entered a variant of this model in the ILSVRC-2012 competition and achieved
	a winning top-5 test error rate of 15.3%, compared to 26.2% achieved by the second-best
	entry.},
	journal = {Commun. ACM},
	month = may,
	pages = {84–90},
	numpages = {7}
}

@online{imagenet2012result,
	Title = {Analysis of ILSVRC2012 Results - ImageNet Challenge 2012 Analysis},
	Url = {https://image-net.org/challenges/LSVRC/2012/analysis/},
	Urldate = {2021-08-13}
}

@online{CS231nCNNarchitecture,
	Title = {Architecture Overview - Convolutional Neural Networks (CNNs / ConvNets) - CS231n Convolutional Neural Networks for Visual Recognition},
	Url = {https://cs231n.github.io/convolutional-networks/},
	Urldate = {2021-08-14}
}

@online{convlayer,
	Title = {Stacking Multiple Feature Maps - Deep Computer Vision Using Convolutional Neural Networks - Programmer Sought},
	Url = {https://www.programmersought.com/article/65985444807/},
	Urldate = {2021-08-15}
}

@book{10.5555/3378999,
	author = {Geron, Aurelien},
	title = {Hands-On Machine Learning with Scikit-Learn, Keras, and TensorFlow: Concepts, Tools, and Techniques to Build Intelligent Systems},
	year = {2019},
	isbn = {1492032646},
	publisher = {O'Reilly Media, Inc.},
	edition = {2nd},
	abstract = {Through a series of recent breakthroughs, deep learning has boosted the entire field
	of machine learning. Now, even programmers who know close to nothing about this technology
	can use simple, efficient tools to implement programs capable of learning from data.
	This practical book shows you how. By using concrete examples, minimal theory, and
	two production-ready Python frameworks-Scikit-Learn and TensorFlow-author Aurelien
	Geron helps you gain an intuitive understanding of the concepts and tools for building
	intelligent systems. You'll learn a range of techniques, starting with simple linear
	regression and progressing to deep neural networks. With exercises in each chapter
	to help you apply what you've learned, all you need is programming experience to get
	started. Explore the machine learning landscape, particularly neural nets Use Scikit-Learn
	to track an example machine-learning project end-to-end Explore several training models,
	including support vector machines, decision trees, random forests, and ensemble methods
	Use the TensorFlow library to build and train neural nets Dive into neural net architectures,
	including convolutional nets, recurrent nets, and deep reinforcement learning Learn
	techniques for training and scaling deep neural nets}
}

@online{Softmax,
	author = {Wood, Thomas},
	Title = {Softmax Function Definition | DeepAI},
	Url = {https://deepai.org/machine-learning-glossary-and-terms/softmax-layer},
	Urldate = {2021-08-18}
}

@Article{Zschech2021,
	author={Zschech, Patrick
	and Sager, Christoph
	and Siebers, Philipp
	and Pertermann, Maik},
	title={Mit Computer Vision zur automatisierten Qualit{\"a}tssicherung in der industriellen Fertigung: Eine Fallstudie zur Klassifizierung von Fehlern in Solarzellen mittels Elektrolumineszenz-Bildern},
	journal={HMD Praxis der Wirtschaftsinformatik},
	year={2021},
	month={Apr},
	day={01},
	volume={58},
	number={2},
	pages={321-342},
	abstract={Die Qualit{\"a}tssicherung bei der Produktion von Solarzellen ist ein entscheidender Faktor, um langfristige Leistungsgarantien auf Solarpanels gew{\"a}hren zu k{\"o}nnen. Die vorliegende Arbeit leistet hierzu einen Beitrag zur automatisierten Fehlererkennung auf Wafern, indem Elektrolumineszenz-Bilder eines realen Herstellungsszenarios mithilfe von verschiedenen Computer-Vision-Modellen klassifiziert werden. Die Herausforderung besteht hierbei nicht nur darin, defekte Wafer von funktionsf{\"a}higen zu separieren, sondern gleichzeitig auch zwischen spezifischen Fehlerarten zu unterscheiden, w{\"a}hrend geringe Inferenzzeiten sicherzustellen sind. Zu diesem Zweck werden neben einfachen statistischen Modellen verschiedene Deep-Learning-Architekturen auf Basis von Convolutional Neural Networks (CNNs) verprobt und miteinander vergleichen. Ziel der Arbeit ist es, verschiedene Klassifizierungsans{\"a}tze unterschiedlicher Komplexit{\"a}t zu testen und auf ihre praktische Einsatzf{\"a}higkeit unter realen Bedingungen zu untersuchen. Die Fallstudie zeigt, dass je nach Situation unterschiedliche Modelle ihre Existenzberechtigung haben und in Kombination sehr gute Ergebnisse erzielen. So lassen sich bereits mit statistischen Modellen und einfachen CNN-Varianten zuverl{\"a}ssige Aussagen mit Genauigkeiten von {\"u}ber 99 {\%} bei Fehlertypen einfacher bis mittlerer Erkennbarkeit realisieren. Werden die Fehlerbilder demgegen{\"u}ber diffuser und soll die Nachvollziehbarkeit der Ergebnisse durch positionsgenaue Lokalisierung von Fehlerobjekten gew{\"a}hrleistet werden, sind fortgeschrittenere Ans{\"a}tze auf Basis sogenannter Region-Proposal-Netzwerke erforderlich, die allerdings auch mit einem erh{\"o}hten Labeling-Aufwand beim Annotieren der Fehlerobjekte einhergehen. Da die Umsetzung s{\"a}mtlicher Modelle ausschlie{\ss}lich auf Open Source Tools wie zum Beispiel TensorFlow, Keras und OpenCV basiert, demonstriert die Fallstudie zudem, welche M{\"o}glichkeiten durch frei verf{\"u}gbare L{\"o}sungen im Bereich von Computer Vision geboten werden.},
	issn={2198-2775},
	doi={10.1365/s40702-020-00641-8},
	url={https://doi.org/10.1365/s40702-020-00641-8}
}

@online{ResNet200_101_PaperWithCodes,
	Title = {Parametric Contrastive Learning | Papers With Code},
	Url = {https://paperswithcode.com/paper/parametric-contrastive-learning},
	Urldate = {2021-08-18}
}

@misc{cui2021parametric,
	title={Parametric Contrastive Learning}, 
	author={Jiequan Cui and Zhisheng Zhong and Shu Liu and Bei Yu and Jiaya Jia},
	year={2021},
	eprint={2107.12028},
	archivePrefix={arXiv},
	primaryClass={cs.CV}
}

@misc{zagoruyko2017wide,
	title={Wide Residual Networks}, 
	author={Sergey Zagoruyko and Nikos Komodakis},
	year={2017},
	eprint={1605.07146},
	archivePrefix={arXiv},
	primaryClass={cs.CV}
}

@online{VanishingGradientProblem,
	author = {Yash Bohra},
	Title = {Vanishing and Exploding Gradients in Deep Neural Networks},
	Url = {https://www.analyticsvidhya.com/blog/2021/06/the-challenge-of-vanishing-exploding-gradients-in-deep-neural-networks/},
	Urldate = {2021-08-18}
}

@misc{howard2017mobilenets,
	title={MobileNets: Efficient Convolutional Neural Networks for Mobile Vision Applications}, 
	author={Andrew G. Howard and Menglong Zhu and Bo Chen and Dmitry Kalenichenko and Weijun Wang and Tobias Weyand and Marco Andreetto and Hartwig Adam},
	year={2017},
	eprint={1704.04861},
	archivePrefix={arXiv},
	primaryClass={cs.CV}
}

@misc{huang2019gpipe,
	title={GPipe: Efficient Training of Giant Neural Networks using Pipeline Parallelism}, 
	author={Yanping Huang and Youlong Cheng and Ankur Bapna and Orhan Firat and Mia Xu Chen and Dehao Chen and HyoukJoong Lee and Jiquan Ngiam and Quoc V. Le and Yonghui Wu and Zhifeng Chen},
	year={2019},
	eprint={1811.06965},
	archivePrefix={arXiv},
	primaryClass={cs.CV}
}

@misc{liashchynskyi2019grid,
	title={Grid Search, Random Search, Genetic Algorithm: A Big Comparison for NAS}, 
	author={Petro Liashchynskyi and Pavlo Liashchynskyi},
	year={2019},
	eprint={1912.06059},
	archivePrefix={arXiv},
	primaryClass={cs.LG}
}

@misc{tan2019mnasnet,
	title={MnasNet: Platform-Aware Neural Architecture Search for Mobile}, 
	author={Mingxing Tan and Bo Chen and Ruoming Pang and Vijay Vasudevan and Mark Sandler and Andrew Howard and Quoc V. Le},
	year={2019},
	eprint={1807.11626},
	archivePrefix={arXiv},
	primaryClass={cs.CV}
}

@misc{li2017webvision,
	title={WebVision Database: Visual Learning and Understanding from Web Data}, 
	author={Wen Li and Limin Wang and Wei Li and Eirikur Agustsson and Luc Van Gool},
	year={2017},
	eprint={1708.02862},
	archivePrefix={arXiv},
	primaryClass={cs.CV}
}

@misc{vanhorn2018inaturalist,
	title={The iNaturalist Species Classification and Detection Dataset}, 
	author={Grant Van Horn and Oisin Mac Aodha and Yang Song and Yin Cui and Chen Sun and Alex Shepard and Hartwig Adam and Pietro Perona and Serge Belongie},
	year={2018},
	eprint={1707.06642},
	archivePrefix={arXiv},
	primaryClass={cs.CV}
}

@misc{vanhorn2021benchmarking,
	title={Benchmarking Representation Learning for Natural World Image Collections}, 
	author={Grant Van Horn and Elijah Cole and Sara Beery and Kimberly Wilber and Serge Belongie and Oisin Mac Aodha},
	year={2021},
	eprint={2103.16483},
	archivePrefix={arXiv},
	primaryClass={cs.CV}
}

@online{MLDatasetsPWC,
	Title = {Machine Learning Datasets | Papers With Code},
	Url = {https://paperswithcode.com/datasets?task=image-classification&mod=images&page=1&v=th},
	Urldate = {2021-08-20}
}

@online{KerasRef,
	Title = {keras-team/keras-applications: Reference implementations of popular deep learning models.},
	Url = {https://github.com/keras-team/keras-applications},
	Urldate = {2021-08-20}
}

@misc{simonyan2015deep,
	title={Very Deep Convolutional Networks for Large-Scale Image Recognition}, 
	author={Karen Simonyan and Andrew Zisserman},
	year={2015},
	eprint={1409.1556},
	archivePrefix={arXiv},
	primaryClass={cs.CV}
}

@misc{zoph2018learning,
	title={Learning Transferable Architectures for Scalable Image Recognition}, 
	author={Barret Zoph and Vijay Vasudevan and Jonathon Shlens and Quoc V. Le},
	year={2018},
	eprint={1707.07012},
	archivePrefix={arXiv},
	primaryClass={cs.CV}
}

@misc{sandler2019mobilenetv2,
	title={MobileNetV2: Inverted Residuals and Linear Bottlenecks}, 
	author={Mark Sandler and Andrew Howard and Menglong Zhu and Andrey Zhmoginov and Liang-Chieh Chen},
	year={2019},
	eprint={1801.04381},
	archivePrefix={arXiv},
	primaryClass={cs.CV}
}

@misc{howard2019searching,
	title={Searching for MobileNetV3}, 
	author={Andrew Howard and Mark Sandler and Grace Chu and Liang-Chieh Chen and Bo Chen and Mingxing Tan and Weijun Wang and Yukun Zhu and Ruoming Pang and Vijay Vasudevan and Quoc V. Le and Hartwig Adam},
	year={2019},
	eprint={1905.02244},
	archivePrefix={arXiv},
	primaryClass={cs.CV}
}

@misc{he2016identity,
	title={Identity Mappings in Deep Residual Networks}, 
	author={Kaiming He and Xiangyu Zhang and Shaoqing Ren and Jian Sun},
	year={2016},
	eprint={1603.05027},
	archivePrefix={arXiv},
	primaryClass={cs.CV}
}

@misc{huang2018densely,
	title={Densely Connected Convolutional Networks}, 
	author={Gao Huang and Zhuang Liu and Laurens van der Maaten and Kilian Q. Weinberger},
	year={2018},
	eprint={1608.06993},
	archivePrefix={arXiv},
	primaryClass={cs.CV}
}

@misc{szegedy2015rethinking,
	title={Rethinking the Inception Architecture for Computer Vision}, 
	author={Christian Szegedy and Vincent Vanhoucke and Sergey Ioffe and Jonathon Shlens and Zbigniew Wojna},
	year={2015},
	eprint={1512.00567},
	archivePrefix={arXiv},
	primaryClass={cs.CV}
}

@misc{xie2017aggregated,
	title={Aggregated Residual Transformations for Deep Neural Networks}, 
	author={Saining Xie and Ross Girshick and Piotr Dollár and Zhuowen Tu and Kaiming He},
	year={2017},
	eprint={1611.05431},
	archivePrefix={arXiv},
	primaryClass={cs.CV}
}

@misc{chollet2017xception,
	title={Xception: Deep Learning with Depthwise Separable Convolutions}, 
	author={François Chollet},
	year={2017},
	eprint={1610.02357},
	archivePrefix={arXiv},
	primaryClass={cs.CV}
}

@misc{szegedy2016inceptionv4,
	title={Inception-v4, Inception-ResNet and the Impact of Residual Connections on Learning}, 
	author={Christian Szegedy and Sergey Ioffe and Vincent Vanhoucke and Alex Alemi},
	year={2016},
	eprint={1602.07261},
	archivePrefix={arXiv},
	primaryClass={cs.CV}
}

@misc{real2019regularized,
	title={Regularized Evolution for Image Classifier Architecture Search}, 
	author={Esteban Real and Alok Aggarwal and Yanping Huang and Quoc V Le},
	year={2019},
	eprint={1802.01548},
	archivePrefix={arXiv},
	primaryClass={cs.NE}
}

@misc{cubuk2019autoaugment,
	title={AutoAugment: Learning Augmentation Policies from Data}, 
	author={Ekin D. Cubuk and Barret Zoph and Dandelion Mane and Vijay Vasudevan and Quoc V. Le},
	year={2019},
	eprint={1805.09501},
	archivePrefix={arXiv},
	primaryClass={cs.CV}
}

@misc{salman2019overfitting,
	title={Overfitting Mechanism and Avoidance in Deep Neural Networks}, 
	author={Shaeke Salman and Xiuwen Liu},
	year={2019},
	eprint={1901.06566},
	archivePrefix={arXiv},
	primaryClass={cs.LG}
}

@misc{zhai2021scaling,
	title={Scaling Vision Transformers}, 
	author={Xiaohua Zhai and Alexander Kolesnikov and Neil Houlsby and Lucas Beyer},
	year={2021},
	eprint={2106.04560},
	archivePrefix={arXiv},
	primaryClass={cs.CV}
}

@misc{pham2021meta,
	title={Meta Pseudo Labels}, 
	author={Hieu Pham and Zihang Dai and Qizhe Xie and Minh-Thang Luong and Quoc V. Le},
	year={2021},
	eprint={2003.10580},
	archivePrefix={arXiv},
	primaryClass={cs.LG}
}

@misc{kolesnikov2020big,
	title={Big Transfer (BiT): General Visual Representation Learning}, 
	author={Alexander Kolesnikov and Lucas Beyer and Xiaohua Zhai and Joan Puigcerver and Jessica Yung and Sylvain Gelly and Neil Houlsby},
	year={2020},
	eprint={1912.11370},
	archivePrefix={arXiv},
	primaryClass={cs.CV}
}

@misc{ridnik2021imagenet21k,
	title={ImageNet-21K Pretraining for the Masses}, 
	author={Tal Ridnik and Emanuel Ben-Baruch and Asaf Noy and Lihi Zelnik-Manor},
	year={2021},
	eprint={2104.10972},
	archivePrefix={arXiv},
	primaryClass={cs.CV}
}

@online{ViThuggingface,
	Title = {Vision Transformer (ViT) - transformers 4.7.0 documentation},
	Url = {https://huggingface.co/transformers/model_doc/vit.html},
	Urldate = {2021-08-21}
}

@online{ImageNet21Kclassname,
	Title = {ImageNet-21K WordNet Lemmas},
	Url = {https://storage.googleapis.com/bit_models/imagenet21k_wordnet_lemmas.txt},
	Urldate = {2021-08-21}
}

@online{KerasEffNetAPI,
	Title = {EfficientNet B0 to B7},
	Url = {https://keras.io/api/applications/efficientnet/},
	Urldate = {2021-08-21}
}

@article{beery2019efficient,
	title={Efficient Pipeline for Camera Trap Image Review},
	author={Beery, Sara and Morris, Dan and Yang, Siyu},
	journal={arXiv preprint arXiv:1907.06772},
	year={2019}
}

@online{AIforEarth,
	Title = {AI for Earth - Microsoft AI},
	Url = {https://www.microsoft.com/en-us/ai/ai-for-earth},
	Urldate = {2021-08-22}
}

@misc{ren2016faster,
	title={Faster R-CNN: Towards Real-Time Object Detection with Region Proposal Networks}, 
	author={Shaoqing Ren and Kaiming He and Ross Girshick and Jian Sun},
	year={2016},
	eprint={1506.01497},
	archivePrefix={arXiv},
	primaryClass={cs.CV}
}

@online{AIforEarth,
	Title = {AI for Earth - Microsoft AI},
	Url = {https://www.microsoft.com/en-us/ai/ai-for-earth},
	Urldate = {2021-08-22}
}

@online{CameraTrapSurvey,
	author = {Dan Morris},
	Title = {Overview | Camera Trap ML Survey},
	Url = {https://agentmorris.github.io/camera-trap-ml-survey/#microsoft-ai-for-earth-camera-trap-api},
	Urldate = {2021-08-22}
}

@online{iNatObservations,
	Title = {Observations - iNaturalist},
	Url = {https://www.inaturalist.org/observations},
	Urldate = {2021-08-23}
}

@online{pyinat,
	Title = {pyinaturalist - PyPI},
	Url = {https://pypi.org/project/pyinaturalist/},
	Urldate = {2021-08-24}
}

@book{imholt2021langfristige,
	title={Langfristige Populationsentwicklung krankheits{\"u}bertragender Nagetiere: Interaktion von Klimawandel, Landnutzung und Biodiversit{\"a}t : Abschlussbericht},
	author={Imholt, C. and Jacob, J. and Schl{\"o}telburg, A. and Geduhn, A. and Deutschland Umweltbundesamt and Institut f{\"u}r Pflanzenschutz in Gartenbau und Forst},
	series={Climate change},
	url={https://books.google.de/books?id=eHSWzgEACAAJ},
	year={2021},
	publisher={Umweltbundesamt}
}

@online{snapshotWCS,
	Title = {About Snapshot Wisconsin - Zooniverse},
	Url = {https://www.zooniverse.org/projects/zooniverse/snapshot-wisconsin/about/research},
	Urldate = {2021-08-24}
}





@inproceedings{InproceedingRefName,
author = {Maxim Musterfrau},
title = {Name},
year = {0},
pages = {100--200},
month = {6},
publisher = {EIII},
address = {MCA, AUSGEDACHTISTAN},
booktitle = {Proceedings of ICA},
}

@article{Article,
author = {Article Writer},
isbn = {0-123345-3},
month = {12},
pages = {132--142},
title = {{ABC}},
url = {http://dl.acm.org/citation.cfm?id=106765.106782},
year = {0}
}

@incollection{Collection,
abstract = { Much Abstract text},
doi = {719712937129839},
issn = {1234-1234},
keywords = {Computer Science},
month = {5},
number = {1},
pages = {81--92},
publisher = { Jumper Berlin },
title = {{Efficient monitoring of personalized hot news over Web 2.0 streams}},
url = {http://www.abc.de},
volume = {27},
year = {2011}
}

@misc{MISC,
author = {MI, SC},
title = {{MISC TITELOS}},
url = {http://mi.sc}
}

@book{Schreiber, 
title={Wichtiges Buch},
author={Dr. Schreiber},
publisher={Jumper},
year={0},
month={4},
edition={1st Edition.},
isbn={1234567890},
url={http://abc.de},
totalpages={254},
timestamp={00.06.10},
}

@article{shao+:1994:unrolling-lists,
	Acmid = {182453},
	Address = {New York, NY, USA},
	Author = {Shao, Zhong and Reppy, John H. and Appel, Andrew W.},
	Date-Added = {2013-10-11 00:32:35 +0000},
	Date-Modified = {2013-10-11 00:32:43 +0000},
	Doi = {10.1145/182590.182453},
	Issn = {1045-3563},
	Issue_Date = {July-Sept. 1994},
	Journal = {SIGPLAN Lisp Pointers},
	Month = jul,
	Number = {3},
	Numpages = {11},
	Pages = {185--195},
	Publisher = {ACM},
	Title = {Unrolling lists},
	Url = {http://doi.acm.org/10.1145/182590.182453},
	Volume = {VII},
	Year = {1994}}

@inproceedings{filliatre+:2006:type-safe-modular,
	Acmid = {1159880},
	Author = {Filliâtre, Jean-Christophe and Conchon, Sylvain},
	Booktitle = {Proceedings of the 2006 Workshop on ML},
	Date-Modified = {2013-10-05 10:30:00 +0000},
	Doi = {10.1145/1159876.1159880},
	Isbn = {1-59593-483-9},
	Keywords = {data structures, hash-consing, sharing},
	Location = {Portland, Oregon, USA},
	Numpages = {8},
	Pages = {12--19},
	Publisher = {ACM},
	Series = {ML '06},
	Title = {Type-safe Modular Hash-consing},
	Url = {http://doi.acm.org/10.1145/1159876.1159880},
	Year = {2006}}

@online{richardson:2014:service-registry,
	Author = {Chris Richardson},
	Title = {Microservice architecture patterns and best practices - Service Registry},
	Url = {http://microservices.io/patterns/service-registry.html},
	Urldate = {2015-11-03},
	Year={2014}}
	
@book{Heydon:2012,
	Author = {R. Heydon},
	Publisher = {Prentice Hall},
	Title = {Bluetooth Low Energy~--~the Developer's Handbook},
	Year = {2012}}
	
@article{Decuir:2014,
	Author = {J. Decuir},
	Journal = {Consumer Electronics Magazine},
	Title = {Introducing Bluetooth Smart~--~Part II~--~Applications and Updates},
	Year = {2014}}

@article{Decuir:2013,
	Author = {J. Decuir},
	Journal = {Consumer Electronics Magazine},
	Title = {Introducing Bluetooth Smart~--~Part I~--~a Look at Both Classic and New Technologies},
	Year = {2013}}

@article{Babusiak:2015,
	Author = {B. Babusiak and S. Borik},
	Journal = {International Conference on Telecommunications and Signal Processing},
	Title = {Low Energy Wireless Communication for Medical Devices},
	Year = {2015}}

@book{Gupta:2013,
	Author = {N. Gupta},
	Publisher = {Artech House},
	Title = {Inside Bluetooth Low Energy},
	Year = {2013}}

@book{Townsend:2014,
	Author = {K. Townsend and C. Cufi and C. Wang and R. Davidson},
	Publisher = {O'Reilly Media},
	Title = {Getting Started with Bluetooth Low Energy~--~Tools and Techniques for Low-Power Networking},
	Year = {2014}}

@book{Hughes:2014,
	Author = {R. Hughes},
	Publisher = {Special Interest Group},
	Title = {Body Composition Profile (BCP)},
	Year = {2014}}

@book{Hartmann:2015,
	Author = {J. Hartmann and M. Leipnitz and L. Aschehoug and W. Heck},
	Publisher = {Special Interest Group},
	Title = {Oxygen Saturation Profile (OSP)},
	Year = {2015}}

@book{Hughes:2012,
	Author = {R. Hughes and B. Krishnamoorthy and R. Strickland and T. Cook},
	Publisher = {Special Interest Group},
	Title = {Blood Glucose Profile (BGP)},
	Year = {2012}}

@book{Hulvey:2011,
	Author = {R. Hulvey and R. Hughes and T. Nishimura and D. Mccain and A. Gupta and J. Decuir},
	Publisher = {Special Interest Group},
	Title = {Blood Pressure Profile (BPP)},
	Year = {2011}}

@book{Hunn:2010,
	Author = {N. Hunn},
	Publisher = {Cambridge University Press},
	Title = {Essentials of Short-Range Wireless},
	Year = {2010}}

@article{Gomez:2012,
	Author = {C. Gomez and J. Oller and J. Paradells},
	Journal = {Sensors},
	Title = {Overview and Evaluation of Bluetooth Low Energy~--~an Emerging Low-Power Wireless Technology},
	Year = {2012}}

@article{Fotouhi:2016,
	Author = {H. Fotouhi and A. Causevic and M. Vahabi and M. Björkman},
	Journal = {International Conference on Communications Workshops},
	Title = {Interoperability in Heterogeneous Low-Power Wireless Networks for Health Monitoring Systems},
	Year = {2016}}
	
@article{Celik:2015,
	Author = {A. Celik and J. Oelker and F. Künemund and C. Röhrig},
	Journal = {Proceedings of the Active Assisted Living Congress},
	Title = {Automatic Vital Data Acquisition Via a Bluetooth Low Energy Based Network},
	Year = {2015}}

@book{Sauter:2014,
	Author = {M. Sauter},
	Publisher = {John Wiley \& Sons},
	Title = {From GSM to LTE-Advanced~--~an Introduction to Mobile Networks and Mobile Broadband},
	Year = {2014}}

@book{Gratton:2013,
	Author = {D. Gratton},
	Publisher = {Cambridge University Press},
	Title = {The Handbook of Personal Area Networking Technologies and Protocols},
	Year = {2013}}

@article{Salih:2011,
	Author = {R. Salih and L. Othmane and L. Lilien},
	Journal = {International Symposium on Parallel and Distributed Processing with Applications Workshops},
	Title = {Privacy Protection in Pervasive Healthcare Monitoring Systems with Active Bundles},
	Year = {2011}}

@article{Patel:2010,
	Author = {M. Patel and J. Wang},
	Journal = {Wireless Communications},
	Title = {Applications, Challenges, and Prospective in Emerging Body Area Networking Technologies},
	Year = {2010}}

@article{Altini:2011,
	Author = {M. Altini and S. Polito and J. Penders and H. Kim and N. Helleputte and S. Kim and F. Yazicioglu},
	Journal = {Proceedings of the Conference on Wireless Health},
	Title = {An ECG Patch Combining a Customized Ultra-Low-Power ECG SOC with Bluetooth Low Energy for Long Term Ambulatory Monitoring},
	Year = {2011}}

@article{Ryan:2013,
	Author = {M. Ryan},
	Journal = {Usenix Workshop on Offensive Technologies},
	Title = {Bluetooth~--~with Low Energy Comes Low Security},
	Year = {2013}}

@article{Dunning:2010,
	Author = {J. Dunning},
	Journal = {Security and Privacy},
	Title = {Taming the Blue Beast~--~A Survey of Bluetooth Based Threats},
	Year = {2010}}

@article{Sandhya:2012,
	Author = {S. Sandhya and K. Devi},
	Journal = {International Conference on Computing, Communication and Applications},
	Title = {Analysis of Bluetooth Threats and V4.0 Security Features},
	Year = {2012}}

@book{Gupta:2011,
	Author = {A. Gupta and J. Decuir and R. Hughes and J. Barr and K. Shingala and L. Aschehoug and G. Schatz and N. Granqvist and J. Miettinen and M. Tilvis and M. Karjalainen and M. Sipola and J. Hillyard},
	Publisher = {Special Interest Group},
	Title = {Heart Rate Profile (HRP)},
	Year = {2011}}

@online{Apple:2013n,
	Author = {Apple},
	Title = {Core Bluetooth~--~Sample Code},
	Url = {https://developer.apple.com/library/ios/samplecode/TemperatureSensor},
	Urldate = {2016-07-29},
	Year = {2013}}

@online{Apple:2013m,
	Author = {Apple},
	Title = {XCTest Programming Guide},
	Url = {https://developer.apple.com/library/tvos/documentation/DeveloperTools/Conceptual/testing_with_xcode},
	Urldate = {2016-07-29},
	Year = {2013}}
	
@online{Apple:2013o,
	Author = {Apple},
	Title = {Core Bluetooth~--~Simulator Capability},
	Url = {https://forums.developer.apple.com/thread/14983},
	Urldate = {2016-07-29},
	Year = {2013}}

@online{Stribling:2016,
	Author = {T. Stribling},
	Title = {BlueCap},
	Url = {https://github.com/troystribling/BlueCap},
	Urldate = {2016-07-29},
	Year = {2016}}

@online{Guard:2014,
	Author = {D. Guard},
	Title = {BlueSim},
	Url = {https://github.com/AttackPattern/BlueSim},
	Urldate = {2016-07-29},
	Year = {2014}}

@online{King:2011,
	Author = {B. King},
	Title = {RZBluetooth},
	Url = {https://github.com/Raizlabs/RZBluetooth},
	Urldate = {2016-07-29},
	Year = {2011}}

@online{Jacoby:2016,
	Author = {J. Jacoby},
	Title = {BPBluetooth},
	Url = {https://github.com/janukobytsch/BPBluetooth},
	Urldate = {2016-07-29},
	Year = {2016}}

@book{Gamma:1994,
	Author = {E. Gamma and R. Helm and R. Johnson and J. Vlissides},
	Publisher = {Addison-Wesley},
	Title = {Design Patterns~--~Elements of Reusable Object-Oriented Software},
	Year = {1994}}
	
@article{avizienis_basic_2004,
	title = {Basic concepts and taxonomy of dependable and secure computing},
	volume = {1},
	url = {http://ieeexplore.ieee.org/xpls/abs_all.jsp?arnumber=1335465},
	pages = {11--33},
	number = {1},
	journaltitle = {{IEEE} transactions on dependable and secure computing},
	author = {Avižienis, Algirdas and Laprie, J.-C. and Randell, Brian and Landwehr, Carl},
	urldate = {2016-11-23},
	date = {2004},
}